@inproceedings{richards2010analysis,  title={An analysis of the dynamic behavior of JavaScript programs},  author={Richards, Gregor and Lebresne, Sylvain and Burg, Brian and Vitek, Jan},  booktitle={ACM Sigplan Notices},  volume={45},  number={6},  pages={1--12},  year={2010},  organization={ACM}}@article{frolin:TSE16,  author = {Ocariza, Frolin and Bajaj, Kartik and Pattabiraman, Karthik and Mesbah, Ali},  title = {A Study of Causes and Consequences of Client-side {JavaScript} Bugs},  journal = {IEEE Transactions on Software Engineering (TSE)},  year = {2016},  volume = {},  number = {},  pages = {17 pages},  url = {http://salt.ece.ubc.ca/publications/docs/frolin-tse16.pdf}}@inproceedings{quinn:fse16,  author = {Hanam, Quinn and Brito, Fernan\do and Mesbah, Ali},  title = {Discovering Bug Patterns in {JavaScript}},  booktitle = {Proceedings of the ACM SIGSOFT International Symposium on the Foundations of Software Engineering (FSE)},  publisher = {ACM},  pages = {13 pages},  year = {2016},  url = {http://salt.ece.ubc.ca/publications/docs/fse16.pdf}}@inproceedings{amin:ase15,  author = {Fard, Amin Milani and Mesbah, Ali and Wohlstadter, Eric},  title = {Generating Fixtures for {JavaScript} Unit Testing},  booktitle = {Proceedings of the IEEE/ACM International Conference on Automated Software Engineering (ASE)},  publisher = {IEEE Computer Society},  pages = {11 pages},  year = {2015},  url = {http://salt.ece.ubc.ca/publications/docs/ase15-confix.pdf}}@inproceedings{icst16,  author = {Mirshokraie, Shabnam and Mesbah, Ali and Pattabiraman, Karthik},  title = {Atrina: Inferring Unit Oracles from {GUI} Test Cases},  booktitle = {Proceedings of the International Conference on Software Testing, Verification, and Validation (ICST)},  publisher = {IEEE Computer Society},  pages = {11 pages},  year = {2016},  url = {http://salt.ece.ubc.ca/publications/docs/icst16.pdf}}@InProceedings{tajs2009,  author =       {Simon Holm Jensen and Anders M\o{}ller and Peter Thiemann},  title =        {Type Analysis for {J}ava{S}cript},  booktitle =    {Proc. 16th International Static Analysis Symposium (SAS)},  year =         {2009},  month =        {August},  series =       {LNCS},  volume =       {5673},  publisher =    {Springer-Verlag},}@InProceedings{artemis2011,  author =       {Shay Artzi and Julian Dolby and Simon Holm Jensen and                   Anders M\o{}ller and Frank Tip},  title =        {A Framework for Automated Testing of {J}ava{S}cript Web Applications},  booktitle =    {Proc. 33rd International Conference on Software Engineering (ICSE)},  year =         {2011},  month =        {May},}@InProceedings{dom2011,  author =       {Simon Holm Jensen and Magnus Madsen and Anders M\o{}ller},  title =        {Modeling the {HTML} {DOM} and Browser {API} in Static Analysis of {J}ava{S}cript Web Applications},  booktitle =    {Proc. 8th joint meeting of the European Software Engineering Conference                  and the ACM SIGSOFT Symposium on the Foundations of Software Engineering (ESEC/FSE)},  year =         {2011},  month =        {September},}@InProceedings{ail2013,  author =       {Casper S. Jensen and Anders M\o{}ller and Zhendong Su},  title =        {Server Interface Descriptions for Automated Testing of JavaScript Web Applications},  booktitle =    {Proc. 9th joint meeting of the European Software Engineering Conference                  and the ACM SIGSOFT Symposium on the Foundations of Software Engineering (ESEC/FSE)},  year =         {2013},  month =        {August},}@InProceedings{jquery2014,  author =       {Esben Andreasen and Anders M\o{}ller},  title =        {Determinacy in Static Analysis for j{Q}uery},  booktitle =    {Proc. ACM SIGPLAN Conference on Object-Oriented Programming,                   Systems, Languages, and Applications (OOPSLA)},  year =         {2014},  month =        {October},}@book{poli2008field,  title={A field guide to genetic programming},  author={Poli, Riccardo and Langdon, William B and McPhee, Nicholas F and Koza, John R},  year={2008},  publisher={Lulu. com}}@article{claessen2011quickcheck,  title={QuickCheck: a lightweight tool for random testing of Haskell programs},  author={Claessen, Koen and Hughes, John},  journal={Acm sigplan notices},  volume={46},  number={4},  pages={53--64},  year={2011},  publisher={ACM}}@inproceedings{jones1995functional,  title={Functional programming with overloading and higher-order polymorphism},  author={Jones, Mark P},  booktitle={International School on Advanced Functional Programming},  pages={97--136},  year={1995},  organization={Springer}}@inproceedings{pattabiraman2010dodom,  title={DoDOM: Leveraging DOM invariants for Web 2.0 application robustness testing},  author={Pattabiraman, Karthik and Zorn, Benjamin},  booktitle={2010 IEEE 21st International Symposium on Software Reliability Engineering},  pages={191--200},  year={2010},  organization={IEEE}}@inproceedings{mirzaaghaei2014dom,  title={DOM-based test adequacy criteria for web applications},  author={Mirzaaghaei, Mehdi and Mesbah, Ali},  booktitle={Proceedings of the 2014 International Symposium on Software Testing and Analysis},  pages={71--81},  year={2014},  organization={ACM}}@inproceedings{milani2014leveraging,  title={Leveraging existing tests in automated test generation for web applications},  author={Milani Fard, Amin and Mirzaaghaei, Mehdi and Mesbah, Ali},  booktitle={Proceedings of the 29th ACM/IEEE international conference on Automated software engineering},  pages={67--78},  year={2014},  organization={ACM}}@inproceedings{bajaj2014dompletion,  title={Dompletion: DOM-aware JavaScript code completion},  author={Bajaj, Kartik and Pattabiraman, Karthik and Mesbah, Ali},  booktitle={Proceedings of the 29th ACM/IEEE international conference on Automated software engineering},  pages={43--54},  year={2014},  organization={ACM}}@article{mesbah2012invariant,  title={Invariant-based automatic testing of modern web applications},  author={Mesbah, Ali and Van Deursen, Arie and Roest, Danny},  journal={IEEE Transactions on Software Engineering},  volume={38},  number={1},  pages={35--53},  year={2012},  publisher={IEEE}}@inproceedings{sen2013jalangi,  title={Jalangi: a selective record-replay and dynamic analysis framework for JavaScript},  author={Sen, Koushik and Kalasapur, Swaroop and Brutch, Tasneem and Gibbs, Simon},  booktitle={Proceedings of the 2013 9th Joint Meeting on Foundations of Software Engineering},  pages={488--498},  year={2013},  organization={ACM}}@inproceedings{pradel2015typedevil,  title={TypeDevil: Dynamic type inconsistency analysis for JavaScript},  author={Pradel, Michael and Schuh, Parker and Sen, Koushik},  booktitle={2015 IEEE/ACM 37th IEEE International Conference on Software Engineering},  volume={1},  pages={314--324},  year={2015},  organization={IEEE}}@article{mesbah2012crawling,  title={Crawling Ajax-based web applications through dynamic analysis of user interface state changes},  author={Mesbah, Ali and Van Deursen, Arie and Lenselink, Stefan},  journal={ACM Transactions on the Web (TWEB)},  volume={6},  number={1},  pages={3},  year={2012},  publisher={ACM}}@inproceedings{tanida2014automatic,  title={Automatic Unit Test Generation and Execution for JavaScript Program through Symbolic Execution},  author={Tanida, Hideo and Uehara, Tadahiro and Li, Guodong and Ghosh, Indradeep},  booktitle={Proceedings of the Ninth International Conference on Software Engineering Advances},  pages={259--265},  year={2014}}@article{deautomatic,  title={Automatic unit test generation for JavaScript},  author={de Lafargue, Jerome and Eisenbach, Susan and Allwood, Tristan}}@inproceedings{sung2016static,  title={Static DOM event dependency analysis for testing web applications},  author={Sung, Chungha and Kusano, Markus and Sinha, Nishant and Wang, Chao},  booktitle={Proceedings of the 2016 24th ACM SIGSOFT International Symposium on Foundations of Software Engineering},  pages={447--459},  year={2016},  organization={ACM}}@inproceedings{lerner2012modeling,  title={Modeling and reasoning about DOM events},  author={Lerner, Benjamin S and Carroll, Matthew J and Kimmel, Dan P and Quay-De La Vallee, Hannah and Krishnamurthi, Shriram},  booktitle={Presented as part of the 3rd USENIX Conference on Web Application Development (WebApps 12)},  pages={1--12},  year={2012}}@inproceedings{guarnieri2011saving,  title={Saving the world wide web from vulnerable JavaScript},  author={Guarnieri, Salvatore and Pistoia, Marco and Tripp, Omer and Dolby, Julian and Teilhet, Stephen and Berg, Ryan},  booktitle={Proceedings of the 2011 International Symposium on Software Testing and Analysis},  pages={177--187},  year={2011},  organization={ACM}}@inproceedings{hedin2012information,  title={Information-flow security for a core of JavaScript},  author={Hedin, Daniel and Sabelfeld, Andrei},  booktitle={2012 IEEE 25th Computer Security Foundations Symposium},  pages={3--18},  year={2012},  organization={IEEE}}