@inproceedings{richards2010analysis,  title={An analysis of the dynamic behavior of JavaScript programs},  author={Richards, Gregor and Lebresne, Sylvain and Burg, Brian and Vitek, Jan},  booktitle={ACM Sigplan Notices},  volume={45},  number={6},  pages={1--12},  year={2010},  organization={ACM}}@article{frolin:TSE16,  author = {Ocariza, Frolin and Bajaj, Kartik and Pattabiraman, Karthik and Mesbah, Ali},  title = {A Study of Causes and Consequences of Client-side {JavaScript} Bugs},  journal = {IEEE Transactions on Software Engineering (TSE)},  year = {2016},  volume = {},  number = {},  pages = {17 pages}}@inproceedings{quinn:fse16,  author = {Hanam, Quinn and Brito, Fernan\do and Mesbah, Ali},  title = {Discovering Bug Patterns in {JavaScript}},  booktitle = {Proceedings of the ACM SIGSOFT International Symposium on the Foundations of Software Engineering (FSE)},  publisher = {ACM},  pages = {13 pages},  year = {2016}}@inproceedings{amin:ase15,  author = {Fard, Amin Milani and Mesbah, Ali and Wohlstadter, Eric},  title = {Generating Fixtures for {JavaScript} Unit Testing},  booktitle = {Proceedings of the IEEE/ACM International Conference on Automated Software Engineering (ASE)},  publisher = {IEEE Computer Society},  pages = {11 pages},  year = {2015}}@inproceedings{icst16,  author = {Mirshokraie, Shabnam and Mesbah, Ali and Pattabiraman, Karthik},  title = {Atrina: Inferring Unit Oracles from {GUI} Test Cases},  booktitle = {Proceedings of the International Conference on Software Testing, Verification, and Validation (ICST)},  publisher = {IEEE Computer Society},  pages = {11 pages},  year = {2016}}@InProceedings{tajs2009,  author =       {Simon Holm Jensen and Anders M\o{}ller and Peter Thiemann},  title =        {Type Analysis for {J}ava{S}cript},  booktitle =    {Proc. 16th International Static Analysis Symposium (SAS)},  year =         {2009},  month =        {August},  series =       {LNCS},  volume =       {5673},  publisher =    {Springer-Verlag},}@InProceedings{artemis2011,  author =       {Shay Artzi and Julian Dolby and Simon Holm Jensen and                   Anders M\o{}ller and Frank Tip},  title =        {A Framework for Automated Testing of {J}ava{S}cript Web Applications},  booktitle =    {Proc. 33rd International Conference on Software Engineering (ICSE)},  year =         {2011},  month =        {May},}@InProceedings{dom2011,  author =       {Simon Holm Jensen and Magnus Madsen and Anders M\o{}ller},  title =        {Modeling the {HTML} {DOM} and Browser {API} in Static Analysis of {J}ava{S}cript Web Applications},  booktitle =    {Proc. 8th joint meeting of the European Software Engineering Conference                  and the ACM SIGSOFT Symposium on the Foundations of Software Engineering (ESEC/FSE)},  year =         {2011},  month =        {September},}@InProceedings{ail2013,  author =       {Casper S. Jensen and Anders M\o{}ller and Zhendong Su},  title =        {Server Interface Descriptions for Automated Testing of JavaScript Web Applications},  booktitle =    {Proc. 9th joint meeting of the European Software Engineering Conference                  and the ACM SIGSOFT Symposium on the Foundations of Software Engineering (ESEC/FSE)},  year =         {2013},  month =        {August},}@InProceedings{jquery2014,  author =       {Esben Andreasen and Anders M\o{}ller},  title =        {Determinacy in Static Analysis for j{Q}uery},  booktitle =    {Proc. ACM SIGPLAN Conference on Object-Oriented Programming,                   Systems, Languages, and Applications (OOPSLA)},  year =         {2014},  month =        {October},}@book{poli2008field,  title={A field guide to genetic programming},  author={Poli, Riccardo and Langdon, William B and McPhee, Nicholas F and Koza, John R},  year={2008},  publisher={Lulu. com}}@article{claessen2011quickcheck,  title={QuickCheck: a lightweight tool for random testing of Haskell programs},  author={Claessen, Koen and Hughes, John},  journal={Acm sigplan notices},  volume={46},  number={4},  pages={53--64},  year={2011},  publisher={ACM}}@inproceedings{jones1995functional,  title={Functional programming with overloading and higher-order polymorphism},  author={Jones, Mark P},  booktitle={International School on Advanced Functional Programming},  pages={97--136},  year={1995},  organization={Springer}}@inproceedings{pattabiraman2010dodom,  title={DoDOM: Leveraging DOM invariants for Web 2.0 application robustness testing},  author={Pattabiraman, Karthik and Zorn, Benjamin},  booktitle={2010 IEEE 21st International Symposium on Software Reliability Engineering},  pages={191--200},  year={2010},  organization={IEEE}}@inproceedings{mirzaaghaei2014dom,  title={DOM-based test adequacy criteria for web applications},  author={Mirzaaghaei, Mehdi and Mesbah, Ali},  booktitle={Proceedings of the 2014 International Symposium on Software Testing and Analysis},  pages={71--81},  year={2014},  organization={ACM}}@inproceedings{milani2014leveraging,  title={Leveraging existing tests in automated test generation for web applications},  author={Milani Fard, Amin and Mirzaaghaei, Mehdi and Mesbah, Ali},  booktitle={Proceedings of the 29th ACM/IEEE international conference on Automated software engineering},  pages={67--78},  year={2014},  organization={ACM}}@inproceedings{bajaj2014dompletion,  title={Dompletion: DOM-aware JavaScript code completion},  author={Bajaj, Kartik and Pattabiraman, Karthik and Mesbah, Ali},  booktitle={Proceedings of the 29th ACM/IEEE international conference on Automated software engineering},  pages={43--54},  year={2014},  organization={ACM}}@article{mesbah2012invariant,  title={Invariant-based automatic testing of modern web applications},  author={Mesbah, Ali and Van Deursen, Arie and Roest, Danny},  journal={IEEE Transactions on Software Engineering},  volume={38},  number={1},  pages={35--53},  year={2012},  publisher={IEEE}}@inproceedings{sen2013jalangi,  title={Jalangi: a selective record-replay and dynamic analysis framework for JavaScript},  author={Sen, Koushik and Kalasapur, Swaroop and Brutch, Tasneem and Gibbs, Simon},  booktitle={Proceedings of the 2013 9th Joint Meeting on Foundations of Software Engineering},  pages={488--498},  year={2013},  organization={ACM}}@inproceedings{pradel2015typedevil,  title={TypeDevil: Dynamic type inconsistency analysis for JavaScript},  author={Pradel, Michael and Schuh, Parker and Sen, Koushik},  booktitle={2015 IEEE/ACM 37th IEEE International Conference on Software Engineering},  volume={1},  pages={314--324},  year={2015},  organization={IEEE}}@article{mesbah2012crawling,  title={Crawling Ajax-based web applications through dynamic analysis of user interface state changes},  author={Mesbah, Ali and Van Deursen, Arie and Lenselink, Stefan},  journal={ACM Transactions on the Web (TWEB)},  volume={6},  number={1},  pages={3},  year={2012},  publisher={ACM}}@inproceedings{tanida2014automatic,  title={Automatic Unit Test Generation and Execution for JavaScript Program through Symbolic Execution},  author={Tanida, Hideo and Uehara, Tadahiro and Li, Guodong and Ghosh, Indradeep},  booktitle={Proceedings of the Ninth International Conference on Software Engineering Advances},  pages={259--265},  year={2014}}@article{deautomatic,  title={Automatic unit test generation for JavaScript},  author={de Lafargue, Jerome and Eisenbach, Susan and Allwood, Tristan}}@inproceedings{sung2016static,  title={Static DOM event dependency analysis for testing web applications},  author={Sung, Chungha and Kusano, Markus and Sinha, Nishant and Wang, Chao},  booktitle={Proceedings of the 2016 24th ACM SIGSOFT International Symposium on Foundations of Software Engineering},  pages={447--459},  year={2016},  organization={ACM}}@inproceedings{lerner2012modeling,  title={Modeling and reasoning about DOM events},  author={Lerner, Benjamin S and Carroll, Matthew J and Kimmel, Dan P and Quay-De La Vallee, Hannah and Krishnamurthi, Shriram},  booktitle={Presented as part of the 3rd USENIX Conference on Web Application Development (WebApps 12)},  pages={1--12},  year={2012}}@inproceedings{guarnieri2011saving,  title={Saving the world wide web from vulnerable JavaScript},  author={Guarnieri, Salvatore and Pistoia, Marco and Tripp, Omer and Dolby, Julian and Teilhet, Stephen and Berg, Ryan},  booktitle={Proceedings of the 2011 International Symposium on Software Testing and Analysis},  pages={177--187},  year={2011},  organization={ACM}}@inproceedings{hedin2012information,  title={Information-flow security for a core of JavaScript},  author={Hedin, Daniel and Sabelfeld, Andrei},  booktitle={2012 IEEE 25th Computer Security Foundations Symposium},  pages={3--18},  year={2012},  organization={IEEE}}@inproceedings{havrikov2014xmlmate,  title={XMLMate: evolutionary XML test generation},  author={Havrikov, Nikolas and H{\"o}schele, Matthias and Galeotti, Juan Pablo and Zeller, Andreas},  booktitle={Proceedings of the 22Nd ACM SIGSOFT International Symposium on Foundations of Software Engineering},  pages={719--722},  year={2014},  organization={ACM}}@inproceedings{arcuri2010does,  title={It does matter how you normalise the branch distance in search based software testing},  author={Arcuri, Andrea},  booktitle={Software Testing, Verification and Validation (ICST), 2010 Third International Conference on},  pages={205--214},  year={2010},  organization={IEEE}}@article{wegener2001evolutionary,  title={Evolutionary test environment for automatic structural testing},  author={Wegener, Joachim and Baresel, Andr{\'e} and Sthamer, Harmen},  journal={Information and Software Technology},  volume={43},  number={14},  pages={841--854},  year={2001},  publisher={Elsevier}}@inproceedings{wappler2005using,  title={Using evolutionary algorithms for the unit testing of object-oriented software},  author={Wappler, Stefan and Lammermann, Frank},  booktitle={Proceedings of the 7th annual conference on Genetic and evolutionary computation},  pages={1053--1060},  year={2005},  organization={ACM}}@inproceedings{wappler2006evolutionary,  title={Evolutionary unit testing of object-oriented software using strongly-typed genetic programming},  author={Wappler, Stefan and Wegener, Joachim},  booktitle={Proceedings of the 8th annual conference on Genetic and evolutionary computation},  pages={1925--1932},  year={2006},  organization={ACM}}@inproceedings{mcminn2011search,  title={Search-based software testing: Past, present and future},  author={McMinn, Phil},  booktitle={Software testing, verification and validation workshops (icstw), 2011 ieee fourth international conference on},  pages={153--163},  year={2011},  organization={IEEE}}@inproceedings{baars2011symbolic,  title={Symbolic search-based testing},  author={Baars, Arthur and Harman, Mark and Hassoun, Youssef and Lakhotia, Kiran and McMinn, Phil and Tonella, Paolo and Vos, Tanja},  booktitle={Proceedings of the 2011 26th IEEE/ACM International Conference on Automated Software Engineering},  pages={53--62},  year={2011},  organization={IEEE Computer Society}}@inproceedings{tonella2004evolutionary,  title={Evolutionary testing of classes},  author={Tonella, Paolo},  booktitle={ACM SIGSOFT Software Engineering Notes},  volume={29},  number={4},  pages={119--128},  year={2004},  organization={ACM}}@article{mcminn2004search,  title={Search-based software test data generation: a survey},  author={McMinn, Phil},  journal={Software testing, Verification and reliability},  volume={14},  number={2},  pages={105--156},  year={2004},  publisher={Wiley Online Library}}@inproceedings{lakhotia2007multi,  title={A multi-objective approach to search-based test data generation},  author={Lakhotia, Kiran and Harman, Mark and McMinn, Phil},  booktitle={Proceedings of the 9th annual conference on Genetic and evolutionary computation},  pages={1098--1105},  year={2007},  organization={ACM}}@inproceedings{cao2009search,  title={Search-based multi-paths test data generation for structure-oriented testing},  author={Cao, Yang and Hu, Chunhua and Li, Luming},  booktitle={Proceedings of the first ACM/SIGEVO Summit on Genetic and Evolutionary Computation},  pages={25--32},  year={2009},  organization={ACM}}@article{shahbazi2016black,  title={Black-box string test case generation through a multi-objective optimization},  author={Shahbazi, Ali and Miller, James},  journal={IEEE Transactions on Software Engineering},  volume={42},  number={4},  pages={361--378},  year={2016},  publisher={IEEE}}@inproceedings{awedikian2009mc,  title={MC/DC automatic test input data generation},  author={Awedikian, Zeina and Ayari, Kamel and Antoniol, Giuliano},  booktitle={Proceedings of the 11th Annual conference on Genetic and evolutionary computation},  pages={1657--1664},  year={2009},  organization={ACM}}@inproceedings{ma2015grt,  title={Grt: Program-analysis-guided random testing (t)},  author={Ma, Lei and Artho, Cyrille and Zhang, Cheng and Sato, Hiroyuki and Gmeiner, Johannes and Ramler, Rudolf},  booktitle={Automated Software Engineering (ASE), 2015 30th IEEE/ACM International Conference on},  pages={212--223},  year={2015},  organization={IEEE}}@article{fraser2012mutation,  title={Mutation-driven generation of unit tests and oracles},  author={Fraser, Gordon and Zeller, Andreas},  journal={IEEE Transactions on Software Engineering},  volume={38},  number={2},  pages={278--292},  year={2012},  publisher={IEEE}}@inproceedings{alshahwan2011automated,  title={Automated web application testing using search based software engineering},  author={Alshahwan, Nadia and Harman, Mark},  booktitle={Proceedings of the 2011 26th IEEE/ACM International Conference on Automated Software Engineering},  pages={3--12},  year={2011},  organization={IEEE Computer Society}}@inproceedings{mairhofer2011search,  title={Search-based software testing and test data generation for a dynamic programming language},  author={Mairhofer, Stefan and Feldt, Robert and Torkar, Richard},  booktitle={Proceedings of the 13th annual conference on Genetic and evolutionary computation},  pages={1859--1866},  year={2011},  organization={ACM}}@inproceedings{mao2016sapienz,  title={Sapienz: Multi-objective automated testing for android applications},  author={Mao, Ke and Harman, Mark and Jia, Yue},  booktitle={Proceedings of the 25th International Symposium on Software Testing and Analysis},  pages={94--105},  year={2016},  organization={ACM}}@article{heidegger2010contract,  title={Contract-Driven Testing of JavaScript Code.},  author={Heidegger, Phillip and Thiemann, Peter},  journal={TOOLS (48)},  volume={6141},  pages={154--172},  year={2010},  publisher={Springer}}@inproceedings{mirshokraie2015jseft,  title={JSeft: Automated JavaScript unit test generation},  author={Mirshokraie, Shabnam and Mesbah, Ali and Pattabiraman, Karthik},  booktitle={Software Testing, Verification and Validation (ICST), 2015 IEEE 8th International Conference on},  pages={1--10},  year={2015},  organization={IEEE}}@article{ocariza2017study,  title={A study of causes and consequences of client-side JavaScript bugs},  author={Ocariza, Frolin S and Bajaj, Kartik and Pattabiraman, Karthik and Mesbah, Ali},  journal={IEEE Transactions on Software Engineering},  volume={43},  number={2},  pages={128--144},  year={2017},  publisher={IEEE}}@inproceedings{tracey1998automated,  title={An automated framework for structural test-data generation},  author={Tracey, Nigel and Clark, John and Mander, Keith and McDermid, John},  booktitle={Automated Software Engineering, 1998. Proceedings. 13th IEEE International Conference on},  pages={285--288},  year={1998},  organization={IEEE}}@inproceedings{arcuri2011practical,  title={A practical guide for using statistical tests to assess randomized algorithms in software engineering},  author={Arcuri, Andrea and Briand, Lionel},  booktitle={Software Engineering (ICSE), 2011 33rd International Conference on},  pages={1--10},  year={2011},  organization={IEEE}}@article{mann1947test,  title={On a test of whether one of two random variables is stochastically larger than the other},  author={Mann, Henry B and Whitney, Donald R},  journal={The annals of mathematical statistics},  pages={50--60},  year={1947},  publisher={JSTOR}}@article{vargha2000critique,  title={A critique and improvement of the CL common language effect size statistics of McGraw and Wong},  author={Vargha, Andr{\'a}s and Delaney, Harold D},  journal={Journal of Educational and Behavioral Statistics},  volume={25},  number={2},  pages={101--132},  year={2000},  publisher={Sage Publications Sage CA: Los Angeles, CA}}@techreport{bray1997c4,  title={C4 Software Technology Reference Guide-A Prototype.},  author={Bray, Michael and Brune, Kimberly and Fisher, David A and Foreman, John and Gerken, Mark},  year={1997},  institution={Carnegie-Mellon Univ Pittsburgh Pa Software Engineering Inst}}@inproceedings{merelo2014nodeo,  title={NodEO, a multi-paradigm distributed evolutionary algorithm platform in JavaScript},  author={Merelo, Juan-Juli{\'a}n and Castillo, Pedro and Mora, Antonio and Esparcia-Alc{\'a}zar, Anna and Rivas-Santos, V{\'\i}ctor},  booktitle={Proceedings of the Companion Publication of the 2014 Annual Conference on Genetic and Evolutionary Computation},  pages={1155--1162},  year={2014},  organization={ACM}}@inproceedings{wibowo2015unit,  title={Unit test code generator for lua programming language},  author={Wibowo, Junno Tantra Pratama and Hendradjaya, Bayu and Widyani, Yani},  booktitle={Data and Software Engineering (ICoDSE), 2015 International Conference on},  pages={241--245},  year={2015},  organization={IEEE}}@article{alshraideh2008complete,  title={A complete automation of unit testing for javascript programs},  author={Alshraideh, Mohammad},  journal={Journal of Computer Science},  volume={4},  number={12},  pages={1012},  year={2008}}@inproceedings{irawan2016test,  title={Test case generation method for Go language},  author={Irawan, Edbert Wijaya and Hendradjaya, Bayu and Sunindyo, Wikan Danar},  booktitle={Data and Software Engineering (ICoDSE), 2016 International Conference on},  pages={1--5},  year={2016},  organization={IEEE}}@inproceedings{fraser2011evosuite,  title={Evosuite: automatic test suite generation for object-oriented software},  author={Fraser, Gordon and Arcuri, Andrea},  booktitle={Proceedings of the 19th ACM SIGSOFT symposium and the 13th European conference on Foundations of software engineering},  pages={416--419},  year={2011},  organization={ACM}}@inproceedings{jan2016automated,  title={Automated and effective testing of web services for XML injection attacks},  author={Jan, Sadeeq and Nguyen, Cu D and Briand, Lionel C},  booktitle={Proceedings of the 25th International Symposium on Software Testing and Analysis},  pages={12--23},  year={2016},  organization={ACM}}@incollection{heidegger2010dom,  title={DOM transactions for testing JavaScript},  author={Heidegger, Phillip and Bieniusa, Annette and Thiemann, Peter},  booktitle={Testing--Practice and Research Techniques},  pages={211--214},  year={2010},  publisher={Springer}}@article{heidegger2012jscontest,  title={JSConTest: Contract-Driven Testing and Path Effect Inference for JavaScript.},  author={Heidegger, Phillip and Thiemann, Peter},  journal={Journal of Object Technology},  volume={11},  number={1},  pages={1--29},  year={2012}}